<?xml version="1.0" encoding="UTF-8"?>
<OAI-PMH xmlns="http://www.openarchives.org/OAI/2.0/" xmlns:xsi="http://www.w3.org/2001/XMLSchema-instance" xsi:schemaLocation="http://www.openarchives.org/OAI/2.0/ http://www.openarchives.org/OAI/2.0/OAI-PMH.xsd">
  <ListRecords>
    <record>
      <header>
        <identifier>aleph-publish:021031246</identifier>
      </header>
      <metadata>
        <record xmlns="http://www.ddb.de/professionell/mabxml/mabxml-1.xsd">
          <leader>------M2.01200024------h</leader>
          <controlfield tag="LDR">------M2.01200024------h</controlfield>
          <controlfield tag="FMT">MH</controlfield>
          <datafield tag="001" ind1="-" ind2="1">
            <subfield code="a">HT018860300</subfield>
          </datafield>
          <datafield tag="002" ind1="a" ind2="1">
            <subfield code="a">20160119</subfield>
          </datafield>
          <datafield tag="003" ind1="-" ind2="1">
            <subfield code="a">20160316</subfield>
          </datafield>
          <datafield tag="025" ind1="o" ind2="1">
            <subfield code="a">1073741229</subfield>
          </datafield>
          <datafield tag="026" ind1="-" ind2="1">
            <subfield code="a">HBZHT018860300</subfield>
          </datafield>
          <controlfield tag="030">a|zur||||||17</controlfield>
          <datafield tag="036" ind1="a" ind2="1">
            <subfield code="a">XA-DE</subfield>
          </datafield>
          <datafield tag="037" ind1="b" ind2="1">
            <subfield code="a">ger</subfield>
          </datafield>
          <controlfield tag="050">a|||||||||||||</controlfield>
          <controlfield tag="051">ath|||||</controlfield>
          <datafield tag="060" ind1="-" ind2="1">
            <subfield code="b">txt</subfield>
            <subfield code="a">Text</subfield>
          </datafield>
          <datafield tag="061" ind1="-" ind2="1">
            <subfield code="b">n</subfield>
            <subfield code="a">ohne Hilfsmittel zu benutzen</subfield>
          </datafield>
          <datafield tag="062" ind1="-" ind2="1">
            <subfield code="b">nc</subfield>
            <subfield code="a">Band</subfield>
          </datafield>
          <datafield tag="064" ind1="a" ind2="1">
            <subfield code="a">Bibliografie</subfield>
            <subfield code="9">(DE-588)4006432-3</subfield>
          </datafield>
          <datafield tag="070" ind1="-" ind2="1">
            <subfield code="a">Bm 3</subfield>
          </datafield>
          <datafield tag="070" ind1="b" ind2="1">
            <subfield code="a">61</subfield>
          </datafield>
          <datafield tag="078" ind1="n" ind2="1">
            <subfield code="a">NWBib-61</subfield>
          </datafield>
          <datafield tag="080" ind1="-" ind2="1">
            <subfield code="a">60</subfield>
          </datafield>
          <datafield tag="100" ind1="-" ind2="1">
            <subfield code="p">Hohensee, Heinz</subfield>
            <subfield code="d">1941-2017</subfield>
            <subfield code="9">(DE-588)1025333764</subfield>
          </datafield>
          <datafield tag="331" ind1="-" ind2="1">
            <subfield code="a">Gerhard Tersteegen in Mülheim</subfield>
          </datafield>
          <datafield tag="359" ind1="-" ind2="1">
            <subfield code="a">Heinz Hohensee</subfield>
          </datafield>
          <datafield tag="425" ind1="a" ind2="1">
            <subfield code="a">2015</subfield>
          </datafield>
          <datafield tag="434" ind1="-" ind2="1">
            <subfield code="a">Illustrationen</subfield>
          </datafield>
          <datafield tag="590" ind1="-" ind2="1">
            <subfield code="a">Zeitschrift des Geschichtsvereins Mülheim a. d. Ruhr</subfield>
          </datafield>
          <datafield tag="594" ind1="-" ind2="1">
            <subfield code="a">Mülheim an der Ruhr</subfield>
          </datafield>
          <datafield tag="595" ind1="-" ind2="1">
            <subfield code="a">2015</subfield>
          </datafield>
          <datafield tag="596" ind1="-" ind2="1">
            <subfield code="a">Heft 89 (2015), Seite 9-73</subfield>
          </datafield>
          <datafield tag="599" ind1="-" ind2="1">
            <subfield code="a">HT003264538</subfield>
          </datafield>
          <datafield tag="700" ind1="n" ind2="1">
            <subfield code="a">Mülheim an der Ruhr</subfield>
            <subfield code="0">https://nwbib.de/spatial#Q2899</subfield>
          </datafield>
          <datafield tag="700" ind1="n" ind2="1">
            <subfield code="a">Pfarrer. Geistliche</subfield>
            <subfield code="0">https://nwbib.de/subjects#N613050</subfield>
          </datafield>
          <datafield tag="902" ind1="-" ind2="1">
            <subfield code="g">Mülheim an der Ruhr</subfield>
            <subfield code="9">(DE-588)4040475-4</subfield>
          </datafield>
          <datafield tag="902" ind1="-" ind2="1">
            <subfield code="p">Tersteegen, Gerhard</subfield>
            <subfield code="d">1697-1769</subfield>
            <subfield code="9">(DE-588)118621378</subfield>
          </datafield>
          <controlfield tag="SYS">021031246</controlfield>
          <datafield tag="952" ind1="-" ind2="1">
            <subfield code="k">Mülheim an der Ruhr</subfield>
            <subfield code="b">Stadtverwaltung</subfield>
          </datafield>
          <datafield tag="952" ind1="-" ind2="1">
            <subfield code="k">Mülheim an der Ruhr</subfield>
            <subfield code="b">Hauptamt</subfield>
          </datafield>
          <datafield tag="952" ind1="-" ind2="1">
            <subfield code="k">Mülheim an der Ruhr</subfield>
            <subfield code="b">Oberstadtdirektor</subfield>
          </datafield>
          <datafield tag="952" ind1="-" ind2="1">
            <subfield code="g">Mülheim, Ruhr</subfield>
          </datafield>
          <datafield tag="952" ind1="-" ind2="1">
            <subfield code="g">Mülheim</subfield>
            <subfield code="h">Ruhr</subfield>
          </datafield>
          <datafield tag="952" ind1="-" ind2="1">
            <subfield code="g">Mülheim a. d. Ruhr</subfield>
          </datafield>
          <datafield tag="952" ind1="-" ind2="1">
            <subfield code="p">Steegen, Gerrit &lt;&lt;ter&gt;&gt;</subfield>
            <subfield code="d">1697-1769</subfield>
          </datafield>
          <datafield tag="952" ind1="-" ind2="1">
            <subfield code="p">Terstegen, Gerhard</subfield>
            <subfield code="d">1697-1769</subfield>
          </datafield>
          <datafield tag="952" ind1="-" ind2="1">
            <subfield code="p">Ter Steegen, Gerrit</subfield>
            <subfield code="d">1697-1769</subfield>
          </datafield>
          <datafield tag="952" ind1="-" ind2="1">
            <subfield code="p">TerSteegen, Gerrit</subfield>
            <subfield code="d">1697-1769</subfield>
          </datafield>
          <datafield tag="952" ind1="-" ind2="1">
            <subfield code="p">G. T. St.</subfield>
            <subfield code="d">1697-1769</subfield>
          </datafield>
          <datafield tag="952" ind1="-" ind2="1">
            <subfield code="p">G.T.ST.</subfield>
            <subfield code="d">1697-1769</subfield>
          </datafield>
          <datafield tag="952" ind1="-" ind2="1">
            <subfield code="p">Terstegen, G.</subfield>
            <subfield code="d">1697-1769</subfield>
          </datafield>
          <datafield tag="952" ind1="-" ind2="1">
            <subfield code="p">Ter-Stegen, Gerhard</subfield>
            <subfield code="d">1697-1769</subfield>
          </datafield>
          <datafield tag="952" ind1="-" ind2="1">
            <subfield code="p">Teerstegen, G.</subfield>
            <subfield code="d">1697-1769</subfield>
          </datafield>
          <datafield tag="952" ind1="-" ind2="1">
            <subfield code="p">Zum Stegen, Gerhard</subfield>
            <subfield code="d">1697-1769</subfield>
          </datafield>
          <datafield tag="952" ind1="-" ind2="1">
            <subfield code="p">Zum Stegen, Gerh.</subfield>
            <subfield code="d">1697-1769</subfield>
          </datafield>
          <datafield tag="952" ind1="-" ind2="1">
            <subfield code="p">Stegen, Gerhard &lt;&lt;zum&gt;&gt;</subfield>
            <subfield code="d">1697-1769</subfield>
          </datafield>
          <datafield tag="088" ind1=" " ind2=" ">
            <subfield code="a">Bm 3/4</subfield>
            <subfield code="b">S</subfield>
            <subfield code="c">in:Bk 42:89 (2015), S. 9-73</subfield>
            <subfield code="e">unselbst. Werk</subfield>
          </datafield>
        </record>
      </metadata>
    </record>
  </ListRecords>
</OAI-PMH>
